%formatowanie - C:\Program Files\texlife\2009\texmf-dist\bibtex\bst\base\acm.bst

@book{spira2011overload,
  title={Overload! How Too Much Information is Hazardous to your Organization},
  author={Spira, J.B.},
  isbn={9781118064177},
  lccn={2010053512},
  url={http://books.google.pl/books?id=eC016EMcTmoC},
  year={2011},
  publisher={Wiley}
}

@Misc{techterms,
  author = {Per Christensson},
	title = {The Tech Terms Computer Dictionary},
	howpublished  ={http://www.\ \mbox{techterms.com/}},	
	year = {2006}
}

@misc{SMTP_RFC, 
  author = {Klensin, John C.},
  biburl = {http://www.bibsonomy.org/bibtex/24bed25ee74dfa800adf616fede058dc5/dret},
  description = {dret'd bibliography},
  howpublished = {Internet RFC 5321, https://tools.ietf.org/html/rfc5321},
  interhash = {ea972bb3cf379b9f0e58c9dbc6f489c0},
  intrahash = {4bed25ee74dfa800adf616fede058dc5},
  keywords = {imported},
  timestamp = {2009-01-14T00:43:43.000+0100},
  title = {Simple Mail Transfer Protocol},
  topic = {smtp[1]},
  updates = {rfc1123 rfc2821},
  year = 2008
}

%FB96
@misc{mime-format,
  added-at = {2011-10-12T21:07:50.000+0200},
  author = {Freed, Ned and Borenstein, Nathaniel},
  biburl = {http://www.bibsonomy.org/bibtex/2569d1152430a6c2c1e62dd21e60fe38c/stroeh},
	howpublished = {Internet RFC 2045, http://www.ietf.org/rfc/rfc2045.txt},
  interhash = {93690b0c0d7d93519f939e02b68acb5f},
  intrahash = {569d1152430a6c2c1e62dd21e60fe38c},
  key = {IETF},
  keywords = {mime},
  organization = {Internet Engineering Task Force},
  timestamp = {2011-10-12T21:07:50.000+0200},
  title = {Multipurpose Internet Mail Extensions (MIME) Part One:	Format of Internet Message Bodies},
  year = 1996
}

%FK05
@misc{IANA,
  added-at = {2009-01-14T00:43:43.000+0100},
  author = {Freed, Ned and Klensin, John C.},
  biburl = {http://www.bibsonomy.org/bibtex/2e569cf8383732223af17dc770d247ec7/dret},
  description = {dret'd bibliography},
  howpublished = {Internet RFC 4288, http://tools.ietf.org/html/rfc4288},
  interhash = {a33f56876d34331d7b4476905f43122d},
  intrahash = {e569cf8383732223af17dc770d247ec7},
  keywords = {imported},
  timestamp = {2009-01-14T00:43:43.000+0100},
  title = {Media Type Specifications and Registration Procedures},
  topic = {mime[1]},
  updates = {rfc2048},
  year = 2005
}

%Sch12
@Misc{miktex,
  author = {Christian Schenk},
	title = {MikTex 2.9 manual},
	howpublished  ={http://docs.miktex.org/manual/},	
	year = {2012}
}

%Mic07
@Misc{micrSkyDrive,
  author = {Microsoft},
	title = {{SkyDrive} - Window Live},
	howpublished  ={https://skydrive.live.com},	
	year = {2007}
}

%Goo12
@Misc{googleDrive,
  author = {Google},
	title = {Google Drive},
	howpublished  ={https://drive.google.com},	
	year = {2012}
}

%Sha13
@Misc{shareLaTeX,
  author = {ShareLaTeX},
	title = {Real Time LaTeX Collaboration},
	howpublished  ={https://www.sharelatex.\ com/},	
	year = {2013}
}

%Ora10
@Misc{JAVADOC,
  author = {{Oracle}},
	title = {Javadoc - The Java API Documentation Generator},
	howpublished  ={{http://docs.oracle.com/javase/1.5.0/docs/tooldocs/windows/}\ \mbox{javadoc.html}},
	year =  {2010} 
}

%AMRZ01
@MISC{XSL-FO,
    author = {Sharon Adler and Alex Milowski and Jeremy Richman and Steve Zilles},
    title = {Extensible Stylesheet Language (XSL) - Version 1.1},
    year = {2001}
}

%BS11
@inproceedings{Handwritting:2011,
  author    = {Gregory R. Ball and
               Sargur N. Srihari},
  title     = {Statistical characterization of handwriting characteristics
               using automated tools},
  booktitle = {DRR},
  year      = {2011},
  pages     = {1-10},
  ee        = {http://dx.doi.org/10.1117/12.876536},
  crossref  = {DBLP:conf/drr/2011},
  bibsource = {DBLP, http://dblp.uni-trier.de}
}

%CHSD12
@inproceedings{OCRReview,
author = {Pranob K. Charles and V. Harish and M. Swathi and CH. Deepthi},
year = {2012},
title =  {A Review on the Various Techniques used for Optical Character Recognition},
booktitle ={International Journal of Engineering Research and Applications (IJERA)},
pages = {659-662}
}

%GM08
%ta książka jest w bibliotece
@book{doc_centric,
  author    = {Robert J. Glushko and
               Tim McGrath},
  title     = {Document Engineering - Analyzing and Designing Documents
               for Business Informatics and Web Services},
  publisher = {MIT Press},
  year      = {2008},
  isbn      = {978-0-262-57245-3},
  pages     = {I-XXIII, 1-703},
  ee        = {http://mitpress.mit.edu/catalog/item/default.asp?ttype=2{\&}tid=11451},
  bibsource = {DBLP, http://dblp.uni-trier.de}
}

%GM05
@inproceedings{doc_centric2,
 author = {Robert J. Glushko and Tim McGrath},
 title = {Document Engineering: analyzing and designing the semantics of Business Service Networks},
 booktitle = {Proceedings of the IEEE EEE05 international workshop on Business services networks},
 series = {BSN '05},
 year = {2005},
 location = {Hong Kong}, 
 numpages = {7},
 url = {http://dl.acm.org/citation.cfm?id=1063516.1063518},
 acmid = {1063518},
 publisher = {IEEE Press},
 address = {Piscataway, NJ, USA},
} 

%Ado04
@book{PDFRef,
 author = {{Adobe Systems Incorporated}},
 title = {PDF Reference Version 1.6 (5th Edition)},
 year = {2004},
 isbn = {0321304748},
 publisher = {Adobe Press}
} 

%PW96
@INPROCEEDINGS{Phelps96,
    author = {Thomas A. Phelps and Robert Wilensky},
    title = {Toward active, extensible, networked documents: multivalent architecture and applications},
    booktitle = {In Proceedings of the 1st ACM International Conference on Digital Libraries},
    year = {1996},
    pages = {100--108}
}

%PW98
@techreport{Phelps98_tech_rep,
    Author = {Thomas A. Phelps and Robert Wilensky},
    Title = {Multivalent Documents: A New Model for Digital Documents},
    Institution = {EECS Department, University of California, Berkeley},
    Year = {1998},
    URL = {http://www.eecs.berkeley.edu/Pubs/TechRpts/1998/5562.html},
    Number = {UCB/CSD-98-999},
		pages = {44}

}

%Phe05
@Misc{Phelps_tools,
  author = {Thomas A. Phelps},
	title = {Multivalent Home Page},
	howpublished  ={http://multivalent.\ \mbox{sourceforge.net/}},	
	year = {2005}
}

%DEL+00
@article{Dourish2000,
 author = {Dourish, Paul and Edwards, W. Keith and LaMarca, Anthony and Lamping, John and Petersen, Karin and Salisbury, Michael and Terry, Douglas B. and Thornton, James},
 title = {Extending document management systems with user-specific active properties},
 journal = {ACM Trans. Inf. Syst.},
 issue_date = {April 2000},
 volume = {18},
 number = {2},
 year = {2000},
 issn = {1046-8188},
 pages = {140--170},
 doi = {10.1145/348751.348758},
 publisher = {ACM},
 address = {New York, NY, USA},
} 

%LED+99
@INPROCEEDINGS{Lamarca99,
    author = {Anthony Lamarca and W. Keith Edwards and Paul Dourish and John Lamping and Ian Smith and Jim Thornton},
    title = {Taking the Work out of Workflow: Mechanisms for Document-Centered Collaboration},
    booktitle = {Proceedings of the European Conf. Computer-Supported Cooperative Work ECSCW'99},
    year = {1999},
    pages = {1--20},
    publisher = {Kluwer}
}

%Dou03
@article{Dourish2003,
 author = {Dourish, Paul},
 title = {The Appropriation of Interactive Technologies: Some Lessons from Placeless Documents},
 journal = {Comput. Supported Coop. Work},
 issue_date = {2003},
 volume = {12},
 number = {4},
 year = {2003},
 pages = {465--490},
 doi = {10.1023/A:1026149119426},
 publisher = {Kluwer Academic Publishers},
 address = {Norwell, MA, USA},
} 

%Sat01
@inproceedings{Satoh2001,
 author = {Satoh, Ichiro},
 title = {Mobile agent-based compound documents},
 booktitle = {Proceedings of the 2001 ACM Symposium on Document engineering},
 series = {DocEng '01},
 year = {2001},
 location = {Atlanta, Georgia, USA},
 pages = {76--84},
 publisher = {ACM},
 address = {New York, USA},
}

%CTZ02
@article{Ciancarini2002,
 author = {Ciancarini, Paulo and Robert Tolksdorf and Franco Zambonelli},
 title = {A survey of coordination middleware for {XML}-centric applications},
 journal = {Knowl. Eng. Rev.},
 volume = {17},
 issue = {4},
 year = {2002},
 pages = {389--405},
 doi = {10.1017/S0269888903000547},
 publisher = {Cambridge University Press},
 address = {New York, NY, USA}
} 

%CGMS94
@article{Carriero1994,
 author = {Carriero, Nicholas J. and Gelernter, David and Mattson, Timothy G. and Sherman, Andrew H.},
 title = {The Linda alternative to message-passing systems},
 journal = {Parallel Comput.},
 issue_date = {April 1994},
 volume = {20},
 number = {4},
 year = {1994},
 issn = {0167-8191},
 pages = {633--655},
 numpages = {23},
 url = {http://dx.doi.org/10.1016/0167-8191(94)90032-9},
 doi = {10.1016/0167-8191(94)90032-9},
 acmid = {180102},
 publisher = {Elsevier Science Publishers B. V.},
 address = {Amsterdam, The Netherlands, The Netherlands},
 keywords = {LINDA, message passing, parallel programming paradigm, virtual shared memory},
} 

%BPSM+08
@misc{xml10fifth,
  added-at = {2009-01-14T00:43:43.000+0100},
  author = {Bray, Tim and Paoli, Jean and Sperberg-McQueen, C. Michael and Maler, Eve and Yergeau, Fran\c{c}ois},
  biburl = {http://www.bibsonomy.org/bibtex/274e32ed3d316702d5c4b6a2027d85d5a/dret},
  description = {dret'd bibliography},
  howpublished = {World Wide Web Consortium, Recommendation REC-xml-20081126},
  interhash = {9b4925af49b73d8d5c9d3c61449f06b2},
  intrahash = {74e32ed3d316702d5c4b6a2027d85d5a},
  keywords = {imported},
  timestamp = {2009-01-14T00:43:43.000+0100},
  title = {Extensible Markup Language (XML) 1.0 (Fifth Edition)},
  topic = {xml[1] dtd[1]},
  updates = {xml10fourth},
  uri = {http://www.w3.org/TR/2008/REC-xml-20081126},
  year = 2008
}

%Chr06
%słownik terminów technicznych - może do wymiany
@Misc{techterms,
  author = {Per Christensson},
	title = {The Tech Terms Computer Dictionary},
	howpublished  ={http://www.\ \mbox{techterms.com/}},	
	year = {2006}
}


%--------------------------------
%organizacje oparte na wiedzy - rozdział 2
%--------------------------------

%Mik06
%mam tę książkę
@book{mikula,
    author =    "Bogusz Mikuła",
    title =     "Organizacje oparte na wiedzy",
    publisher = "WAEK",
    year =      2006,
    address =   "Kraków",    
    isbn =			"83-7252-302-9"
}

%Bel73
%tylko cytat - znaleziony w internecie
@book{bell,
  Author = {Daniel Bell},
  Title = {The Coming of Post-Industral Society},
  Publisher = {Basic Books},
  Year = {1973},
  ISBN = {0465012817}
}

%LK01
%tylko cytat - znaleziony w internecie
@incollection{lekka-kowalik,
		author =    "Agnieszka Lekka-Kowalik",
		editor = 		"Tadeusz Zasępa",
    booktitle = "Internet - fenomen społeczeństwa informacyjnego",
    title  =	"Ukryte założenia idei społeczeństwa informacyjnego",
    publisher = "Edycja Świętego Pawła",
    year =      2001,    
    isbn =			"83-7168-446-0"
}

%Spi11
%to jest książka - dostępne są tylko fragmenty i komentarze
%http://www.overloadstories.com/2011/04/overload-101/
%http://books.google.pl/books?id=eC016EMcTmoC&pg=PA1&source=gbs_toc_r&cad=4#v=onepage&q&f=false  - s.157
@book{spira2011overload,
  title={Overload! How Too Much Information is Hazardous to your Organization},
  author={Spira, J.B.},
  isbn={9781118064177},
  lccn={2010053512},
  url={http://books.google.pl/books?id=eC016EMcTmoC},
  year={2011},
  publisher={Wiley}
}

%DK06
@inproceedings{Dabbish:2006,
 author = {Dabbish, Laura A. and Kraut, Robert E.},
 title = {Email overload at work: an analysis of factors associated with email strain},
 booktitle = {Proceedings of the 2006 20th anniversary conference on Computer supported cooperative work},
 series = {{CSCW'06}},
 year = {2006},
 isbn = {1-59593-249-6},
 location = {Banff, Alberta, Canada},
 pages = {431--440},
 numpages = {10},
 url = {http://doi.acm.org/10.1145/1180875.1180941},
 doi = {10.1145/1180875.1180941},
 acmid = {1180941},
 publisher = {ACM},
 address = {New York, USA},
 keywords = {computer-mediated communication, coordination, e-mail, electronic mail, email, overload, strain, stress},
} 
