%formatowanie - C:\Program Files\texlife\2009\texmf-dist\bibtex\bst\base\acm.bst    

@book{GTD,
author = {David Allen},
title = {Getting Things Done The Art of Stress-Free Productivity},
year = {2001},
publisher={Viking Adult},
isbn={0670889067}
}
@misc{DAllInt,
howpublished = "\url{https://zapier.com/blog/interview-with-david-allen/}",
title = {Quality Over Quantity: An Interview With GTD's David Allen},
year = {2018},
author = {Jill Duffy},
note = {Dostęp: 2024-11-26}
}
@misc{GTD-apps,
howpublished = "\url{https://clickup.com/blog/gtd-apps/}",
title = {10 Best GTD Apps \& Software for Getting Things Done},
year = {2024},
author = {Alex York},
note = {Dostęp: 2024-11-26}
}
@misc{Figma,
howpublished = "\url{https://figma.com/}",
title = {Figma.com},
year = {2024},
author = {Figma},
note = {Dostęp: 2024-12-03}
}
@misc{QT-Creator,
howpublished = "\url{https://www.qt.io/product/development-tools}",
title = {QT Creator},
year = {2024},
author = {Qt Group Plc},
note = {Dostęp: 2024-12-11}
}
@misc{Pycharm,
howpublished = "\url{https://www.jetbrains.com/pycharm/?source=google&medium=cpc&campaign=EMEA_en_PL_PyCharm_Branded&term=pycharm&content=698987581425&gad_source=1&gclid=CjwKCAiAjeW6BhBAEiwAdKltMpLS0JWIQrTGELB6iiAD-K5OmZ_Cx-x6NocCKhNpqntbYofhXLyiABoCrGsQAvD_BwE}",
title = {Pycharm IDE},
year = {2024},
author = {Jetbrains},
note = {Dostęp: 2024-12-11}
}
@misc{QT3D,
howpublished = "\url{https://doc.qt.io/qt-6/qt3d-index.html}",
title = {QT3D},
year = {2024},
author = {Qt Group Plc},
note = {Dostęp: 2024-12-11}
}
@misc{DokumentacjaQT,
howpublished = "\url{https://doc.qt.io/}",
title = {QML Documentation},
year = {2024},
author = {Qt Group Plc},
note = {Dostęp: 2024-12-05}
}
@misc{DokumentacjaQML,
howpublished = "\url{https://doc.qt.io/qt-6/qtqml-index.html}",
title = {Qt Documentation},
year = {2024},
author = {Qt Group Plc},
note = {Dostęp: 2024-12-05}
}
@misc{DokumentacjaQtForPython,
howpublished = "\url{https://doc.qt.io/qtforpython-6/}",
title = {Qt for Python},
year = {2024},
author = {Qt Group Plc},
note = {Dostęp: 2024-12-05}
}
@misc{PoradnikQMLYoutube,
howpublished = "\url{https://www.youtube.com/watch?v=JK-B-CT34EU}",
title = {24 Modern Ui: Python, PySide6, Pyqt6 Desktop GUI app},
year = {2024},
author = {Spinn TV},
note = {Dostęp: 2024-12-05}
}
@reference{BackendDef,
howpublished = "\url{https://dictionary.cambridge.org/dictionary/english/back-end}",
title = "Znaczenie słowa Backend w języku angielskim.",
note = {Dostęp: 2024-12-07}
}
@misc{BackendDefArt,
howpublished = "\url{https://www.techtarget.com/whatis/definition/front-end}",
title = "Front end and back end",
year = {2019},
author = {Laura Fitzgibbons},
note = {Dostęp: 2024-12-07}
}

@misc{IPFS,
howpublished = "\url{https://ipfs.tech}",
title = "Strona internetowa projektu IPFS",
author = {IPFS Organisation},
note = {Dostęp: 2024-12-07}
}
@misc{AO,
howpublished = "\url{https://thestory.is/pl/proces/faza-wdrozenia/architektura-oprogramowania/}",
title = "Czym jest Architektura Oprogramowania w praktyce?",
author = {The Story},
note = {Dostęp: 2024-12-07}
}
@book{MasteringBlockchain,
    author = {Imran Bashir},
    title = {Mastering Blockchain},
    publisher = {Packt Publishing},
    year = {2023},
    isbn = {9781803241067}
}
@book{BCDF,
    author = {Marco Di Maggio},
    title = {Blockchain, Crypto and DeFi},
    publisher = {Wiley},
    year = {2024}
}
@book{BubbleOrRevolution,
    author = {Neel Mehta, Aditya Agashe, Parth Detroja},
    title={Bubble or Revolution? The Future of Bitcoin, Blockchains, and Cryptocurrencies},
    publisher={Paravane Ventures},
    year={2019}
}
@book{BuildBlockchain,
    author = {Daniel Hellwig , Goran Karlic , Arnd Huchzermeier},
    title = {Build Your Own Blockchain},
    subtitle = {A Practical Guide to Distributed Ledger Technology},
    publisher = {Springer},
    year = {2020}
}
@article{EvolutionOfBlockchainCon,
    author = {Ziad Hussein1, May A. Salama, Sahar A. El‑Rahman},
    title = {Evolution of blockchain consensus
algorithms: a review on the latest milestones
of blockchain consensus algorithms},
    journal = {Cybersecurity},
    year = {2023}
}
@misc{ToDo_DApp,
    howpublished = "\url{https://github.com/shree675/ToDo-DApp}",
    title = "ToDo-DApp",
    year = {2022},
    author = {shree675},
    note = {Dostęp: 2024-12-11}
}
@misc{DAPP_todo,
    howpublished = "\url{https://github.com/ziyadnz/DAPP-todo}",
    title = "DAPP-todo",
    year = {2020},
    author = {ziyadnz},
    note = {Dostęp: 2024-12-11}
}
@misc{chatDapp,
    howpublished = "\url{https://github.com/Signor1/chatDapp-with-ens-ipfs-gasless}",
    title = "chatDapp-with-ens-ipfs-gasless",
    year = {2024},
    author = {Signor1},
    note = {Dostęp: 2024-12-11}
}
@misc{dappchat,
    howpublished = "\url{https://github.com/DevgenX/dappchat}",
    title = "dappchat",
    year = {2023},
    author = {DevgenX},
    note = {Dostęp: 2024-12-11}
}
@reference{BackendDef,
howpublished = "\url{https://dictionary.cambridge.org/dictionary/english/back-end}",
title = "Znaczenie słowa Backend w języku angielskim.",
note = {Dostęp: 2024-12-07}
}
@misc{BackendDefArt,
howpublished = "\url{https://www.techtarget.com/whatis/definition/front-end}",
title = "Front end and back end",
year = {2019},
author = {Laura Fitzgibbons},
note = {Dostęp: 2024-12-07}
}
@article{AESNIST,
    author = {Miles E Smid},
    title = {Development of the Advanced Encryption Standard},
    journal = {Journal of Research of the National Institute of Standards and Technology},
    year = {2001}
}
@article{AESSANS,
    author = {Mitchell C. Richards},
    title = {AES: The Making of a New Encryption Standard},
    journal = {SANS Whitepaper},
    year = {2001}
}

@book{KryptografiaWTeoriiPraktyce,
    author = {Douglas R. Stinson},
    title = {Kryptografia : w teorii i w praktyce},
    publisher = {Wydawnictwa Naukowo-Techniczne},
    year = {2005}
}
@book{KryptografiaOchronaDanych,
    author = {Dorothy E. Denning},
    title = {Kryptografia i ochrona danych},
    publisher = {Wydawnictwa Naukowo-Techniczne},
    year = {1992}
}
@book{AlgorytmyKryptograficzne,
    author = {Massimo Bertaccini},
    title = "Algorytmy kryptograficzne. Przewodnik po algorytmach w blockchain, kryptografii kwantowej, protokołach o wiedzy zerowej oraz szyfrowaniu homomorficznym",
    publisher = "Helion",
    year = "2023"
}
@book{BlockchainPrzewodnikPoLanuchu,
    author = "Imran Bashir",
    title = "Blockchain. Przewodnik po łańcuchu bloków - od kryptografii po DeFi i NFT. Wydanie IV",
    publisher = "Helion",
    year = "2023"
}
@book{BlockchainFundamentGospodarki,
    author = "Melanie Swan",
    title = "Blockchain. Fundament nowej gospodarki",
    publisher = "Helion",
    year = "2020"
}
@book{DowodStawki,
    author = "Vitalik Buterin",
    title = "Dowód stawki. Proof of stake (PoS), powstanie Ethereum i filozofia łańcucha bloków",
    publisher = "Onepress",
    year = "2022"
}
@book{ProjektowanieSystemowRozproszonych,
    author = "Brendan Burns",
    title = "Projektowanie systemów rozproszonych. Wzorce i paradygmaty dla skalowalnych, niezawodnych usług",
    publisher = "Helion",
    year = "2018"
}
@book{PeerToPeer,
    author = "Andy Oram",
    title = "Peer-to-Peer. Harnessing the Power of Disruptive Technologies",
    publisher = "O'Reilly Media",
    year = "2001"
}
@book{FlaskTworzenieAplikacji,
    author = "Miguel Grinberg",
    title = "Flask. Tworzenie aplikacji internetowych w Pythonie. Wydanie II",
    publisher = "Helion",
    year = "2020"
}
@book{MasteringFlask,
    author = "Mastering Flask",
    title = "Mastering Flask. Gain expertise in Flask to create dynamic and powerful web applications",
    publisher = "Packt Publishing",
    year = "2015"
}
@book{FlaskExample,
    author = "Gareth Dwyer",
    title = "Flask By Example. Unleash the full potential of the Flask web framework by creating simple yet powerful web applications",
    publisher = "Packt Publishing",
    year = "2016"
}
@book{TkinterCookbook,
    author = "Alejandro Rodas de Paz",
    title = "Tkinter GUI Application Development Cookbook. A practical solution to your GUI development problems with Python and Tkinter",
    publisher = "Packt Publishing",
    year = "2018"
}
@book{BibliotekiQt,
    author = "Mark Summerfield",
    title = "Biblioteki Qt. Zaawansowane programowanie przy użyciu C++",
    publisher = "Helion",
    year = "2011"
}
@book{QTPython,
    author = "B. M. Harwani",
    title = "Qt5 Python GUI Programming Cookbook. Building responsive and powerful cross-platform applications with PyQt",
    publisher = "Packt Publishing",
    year = "2018"
}
@misc{blockchat,
    howpublished = "\url{https://github.com/breqdev/blockchat}",
    title = "blockchat",
    year = {2018},
    author = {breqdev},
    note = {Dostęp: 2024-12-12}
}
@misc{PythonBlockchain,
    howpublished = "\url{https://github.com/theoturner/Python-Blockchain}",
    title = "Python-Blockchain",
    year = {2019},
    author = {theoturner},
    note = {Dostęp: 2024-12-12}
}
@misc{lubBezPosrednio,
    howpublished = "\url{https://lubbezposrednio.pl/}",
    title = "https://lubbezposrednio.pl/",
    year = {2023},
    author = {Fundacja Potrafisz Polsko},
    note = {Dostęp: 2024-12-12}
}
@misc{IDB,
    howpublished = "\url{https://potrafiszpolsko.pl/projekty/lubbezposrednio/}",
    title = "https://potrafiszpolsko.pl/projekty/lubbezposrednio/",
    year = {2023},
    author = {Fundacja Potrafisz Polsko},
    note = {Dostęp: 2024-12-12}
}