@misc{SourceAES1,
    howpublished = "\url{https://content.nordlayer.com/uploads/How_encryption_works_1400x580_59f8b2cf11.webp}",
    url = "https://content.nordlayer.com/uploads/How_encryption_works_1400x580_59f8b2cf11.webp",
    note = {Dostęp: 2024-12-12},
author = {nordlayer.com}
}
@misc{SourceAES2,
    howpublished = "\url{https://www.researchgate.net/publication/328785765/figure/fig2/AS:1086480441192476@1636048531100/Round-function-steps-in-14-round-AES.jpg}",
    url = "https://www.researchgate.net/publication/328785765/figure/fig2/AS:1086480441192476@1636048531100/Round-function-steps-in-14-round-AES.jpg",
    note = {Dostęp: 2024-12-12},
    author = {researchgate.net}
}
@misc{SourceRSA1,
    howpublished = "\url{https://cdn.prod.website-files.com/664e6b29f3ed49c2317db2f2/665e2ea22c3013835416b6b9_62df01d48ccbc0c270176291_rrss_01-1024x1024.png}",
    url = "https://cdn.prod.website-files.com/664e6b29f3ed49c2317db2f2/665e2ea22c3013835416b6b9_62df01d48ccbc0c270176291_rrss_01-1024x1024.png",
    note = {Dostęp: 2024-12-12},
author = {website-files}
}
@misc{SourceRSA2,
    howpublished = "\url{https://community.rsa.com/servlet/rtaImage?eid=ka44u000000oQo2&feoid=00N4u000004LDXp&refid=0EM4u000009Aq63}",
    url = "https://community.rsa.com/servlet/rtaImage?eid=ka44u000000oQo2&feoid=00N4u000004LDXp&refid=0EM4u000009Aq63",
    note = {Dostęp: 2024-12-12},
author = {rsa.com}
}
@misc{SourcePoW,
    howpublished = "\url{https://www.tryspeed.com/wp-content/uploads/2022/11/Proof-of-Work_Inner-Image-2.png}",
    url = "https://www.tryspeed.com/wp-content/uploads/2022/11/Proof-of-Work_Inner-Image-2.png",
    note = {Dostęp: 2024-12-12},
author={tryspeed.com}
}
@misc{SourcePoS,
    howpublished = "\url{https://lh5.googleusercontent.com/ig6GiZaqT-X4sj-wx3Jdbvac-8CrzICXf6J98VDHqOyshLRwvOTw3uEyMWUzEs39qJQ2R7UbPM17ymKlkz6wQdSd_GgvILLCn0oEg3vDcjYesDGW3H5NpMwT3mRfhqykpDwg-eg1}",
    url = "https://lh5.googleusercontent.com/ig6GiZaqT-X4sj-wx3Jdbvac-8CrzICXf6J98VDHqOyshLRwvOTw3uEyMWUzEs39qJQ2R7UbPM17ymKlkz6wQdSd_GgvILLCn0oEg3vDcjYesDGW3H5NpMwT3mRfhqykpDwg-eg1",
    note = {Dostęp: 2024-12-12},
author={googleusercontent.com}
}
@misc{SourceDPoS,
    howpublished = "\url{https://lh4.googleusercontent.com/IRUvqZtCaM-k3Ed1M-L4YnFA-q24QRA9ZRbsZON7uFrEnyBx8iuBaCpd9FP4CGAxLAkFaUMWpHPgSt-NhCRs2f99kB4O3uCtcEZQZkqgqoFzXW7hU_glezF92t5YZHsvsNJCCB9K}",
    url = "https://lh4.googleusercontent.com/IRUvqZtCaM-k3Ed1M-L4YnFA-q24QRA9ZRbsZON7uFrEnyBx8iuBaCpd9FP4CGAxLAkFaUMWpHPgSt-NhCRs2f99kB4O3uCtcEZQZkqgqoFzXW7hU_glezF92t5YZHsvsNJCCB9K",
    note = {Dostęp: 2024-12-12},
author={googleusercontent.com}
}
@misc{SourcePoC,
    howpublished = "\url{https://lh6.googleusercontent.com/uefABL7El6zUz3vXvtk08Vmyvm1NFbp8TYWJsPzJ4hxNuWQ752HiuzoAnoVd9uGWlW8UMlM5WAnWLk7nk5hGoSr40itk9kIMKIxASBOpD_0wxjT2gytwJ-TuVsloa0VUzT4124js}",
    url = "https://lh6.googleusercontent.com/uefABL7El6zUz3vXvtk08Vmyvm1NFbp8TYWJsPzJ4hxNuWQ752HiuzoAnoVd9uGWlW8UMlM5WAnWLk7nk5hGoSr40itk9kIMKIxASBOpD_0wxjT2gytwJ-TuVsloa0VUzT4124js",
    note = {Dostęp: 2024-12-12},
author={googleusercontent.com}
}
@misc{SourceHashPoW,
    howpublished = "\url{https://www.tutorialspoint.com/blockchain/images/proof_of_work.jpg}",
    url = "https://www.tutorialspoint.com/blockchain/images/proof_of_work.jpg",
    note = {Dostęp: 2024-12-12},
author={tutorialspoint.com}
}
@misc{SourceDS,
    howpublished = "\url{https://techterms.com/img/xl/digital_signature_796.png}",
    url = "https://techterms.com/img/xl/digital_signature_796.png",
    note = {Dostęp: 2024-12-12},
author={techtems.com}
}
@misc{SourceBase64Schema,
    howpublished = "\url{https://ucarecdn.com/cd938e5b-39b5-4702-8326-7011bfae230b/}",
    url = "https://ucarecdn.com/cd938e5b-39b5-4702-8326-7011bfae230b/",
    note = {Dostęp: 2024-12-12},
author={ucarecdn.com}
}
@misc{SourceBase64Coding,
    howpublished = "\url{https://i.ytimg.com/vi/aUdKd0IFl34/hq720.jpg?sqp=-oaymwEhCK4FEIIDSFryq4qpAxMIARUAAAAAGAElAADIQj0AgKJD&rs=AOn4CLBF79b4paLgsyafRZWgfKXxrAPlIQ}",
    url = "https://i.ytimg.com/vi/aUdKd0IFl34/hq720.jpg?sqp=-oaymwEhCK4FEIIDSFryq4qpAxMIARUAAAAAGAElAADIQj0AgKJD&rs=AOn4CLBF79b4paLgsyafRZWgfKXxrAPlIQ",
    note = {Dostęp: 2024-12-12},
author={ytimg.com}
}